%! Author = eandreyf
%! Date = 2019-09-25

